@misc{interna,
  key   = 1,
  title = {Interna dokumentacija {AVIKO d.o.o.}, Črnomelj, 2022}
}

@book{strojniski_prirocnik,
  key       = 2,
  author    = {Kraut B},
  title     = {Krautov strojniški priročnik},
  publisher = {Narodna in univerzitetna knjižnica},
  year      = {2011}
}

@book{gauthier,
  key       = 3,
  author    = {Gauthier A},
  title     = {Gauthier Tabellenanhang zum Betriebshandbuch},
  publisher = {Zahodna nemčija},
  year      = {1975}
}


@book{gradiva,
  key       = 4,
  author    = {Prijanovič Toknovič M},
  publisher = {Višja strokovna strojna šola Novo mesto},
  title     = {Gradiva},
  year      = {2002}
}


@misc{lasten,
  key   = 5,
  title = {Lasten vir}
}

@misc{deli_struznice,
  key   = 6,
  title = {Arhiv STS, dostop 10.9.22, \url{http://www2.sts.si/arhiv/tehno/struzenje/st7.htm}}
}

@misc{eno_vretenska_struznica,
  key   = 7,
  title = {Youtube,  Tornos Swiss cam lathe, dostop 10.9.22, \url{https://www.youtube.com/watch?v=-CRflaPPR5c}}
}

@misc{vec_vretenska_struznica,
  key   = 8,
  title = {M.T.M. Machine Tools Marketing Ltd dostop 10.9.22, \url{http://mtm.co.il/home-en}}
}

@misc{vec_vretenska_struznica_shema,
  key   = 9,
  title = {Metramh, dostop 10.9.22, \url{http://www.metramh.com/usuario/img_usuario/metramh.com/prod_cat_img_2/CNX-4842.jpg}}
}

@misc{diagram_kaljenja,
  key   = 10,
  title = {E-Gradivo Šolski Center Novo mesto, dostop 10.9.22, \url{http://egradivo.ecnm.si/SPREM/kaljenje.html}}
}

@misc{hss_nozi,
  key   = 11,
  title = {VSCHobbies spletna trgovina, dostop 10.9.22, \url{https://www.vcshobbies.com/wp-content/uploads/2015/07/Sherline3005B.jpg}}
}


@misc{sveder,
  key   = 12,
  title = {Screwfix spletna trgovina, dostop 10.9.22, \url{https://media.screwfix.com/is/image//ae235?src=ae235/65352_P&$prodImageMedium$}}
}

@misc{sts_arhiv,
  key   = 13,
  title = {Arhiv STS, povrtavanje, dostop 10.9.22, \url{http://www2.sts.si/arhiv/tehno/projekt2/p1.htm}}
}

@misc{sts_arhiv_grezenje,
  key   = 14,
  title = {Arhiv STS, grezenje, dostop 10.9.22, \url{http://www2.sts.si/arhiv/tehno/projekt2/g1.htm}}
}

@misc{sts_arhiv_struzenje,
  key   = 15,
  title = {Arhiv STS, vrsta struženj, dostop 10.9.22, \url{http://www2.sts.si/arhiv/tehno/struzenje/st2.htm}}
}

@misc{induktivno_kaljenje,
  key   = 16,
  title = {Velelectronics, dostop 5.9.22, \url{https://www.velelectronics.com/induction-heating}}
}

@misc{sts_arhiv_struzenje_karbidni_nozi,
  key   = 17,
  title = {Arhiv STS, orodja za struženje dostop 10.9.22,  \url{http://www2.sts.si/arhiv/tehno/struzenje/st3.htm}}
}

@misc{sts_arhiv_struzenje_rezalni_koti,
  key   = 18,
  title = {Arhiv STS, rezalne sile, dostop 10.9.22, \url{http://www2.sts.si/arhiv/tehno/struzenje/st4.htm}}
}

@misc{kalilna_pec,
  key   = 19,
  title = {Vira spletna trgovina, kalilna peč KAL 31, dostop 19.9.22, \url{https://vira.si/peci-za-kaljenje/97-kalilna-pec-kal-31-lab}}
}
